@article{Lee,
  added-at = {2006-10-30T21:51:54.000+0100},
  author = {Lee, John M.},
  biburl = {https://www.bibsonomy.org/bibtex/2e1d856e01e77bdcaff54be0a771f5410/speecha},
  interhash = {33c856e440d9ef48b48c3e74dfb84e29},
  intrahash = {e1d856e01e77bdcaff54be0a771f5410},
  keywords = {geometry},
  timestamp = {2006-10-30T21:51:54.000+0100},
  title = {Introduction to Smooth Manifolds},
  year = 2000
}

@book{artin,
  title={Algebra},
  author={Artin, M.},
  isbn={9780132413770},
  lccn={2010017573},
  url={https://books.google.com/books?id=QsOfPwAACAAJ},
  year={2011},
  publisher={Pearson Prentice Hall}
}
